<record><leader>00000cas a22000007a 4500</leader><controlfield tag="001">15171247</controlfield><controlfield tag="008">870209c18669999mouwr ne      0    0eng d</controlfield><datafield ind1=" " ind2=" " tag="010"><subfield code="a">sn 87052169 </subfield></datafield><datafield ind1=" " ind2=" " tag="040"><subfield code="a">NPX</subfield><subfield code="b">eng</subfield><subfield code="c">NPX</subfield><subfield code="d">MQN</subfield><subfield code="d">NVF</subfield><subfield code="d">OCLCQ</subfield><subfield code="d">OCLCF</subfield><subfield code="d">OCLCO</subfield></datafield><datafield ind1="1" ind2=" " tag="029"><subfield code="a">AU@</subfield><subfield code="b">000025824582</subfield></datafield><datafield ind1=" " ind2=" " tag="042"><subfield code="a">msc</subfield></datafield><datafield ind1=" " ind2=" " tag="043"><subfield code="a">n-us-mo</subfield></datafield><datafield ind1="0" ind2=" " tag="130"><subfield code="a">Weekly record (New Madrid, Mo.)</subfield></datafield><datafield ind1="1" ind2="4" tag="245"><subfield code="a">The weekly record.</subfield></datafield><datafield ind1=" " ind2=" " tag="260"><subfield code="a">New Madrid, Mo. :</subfield><subfield code="b">A.O. Allen, F.M. Jones</subfield></datafield><datafield ind1=" " ind2=" " tag="300"><subfield code="a">v.</subfield></datafield><datafield ind1=" " ind2=" " tag="310"><subfield code="a">Weekly</subfield></datafield><datafield ind1="1" ind2=" " tag="362"><subfield code="a">Began in 1866?</subfield></datafield><datafield ind1=" " ind2=" " tag="588"><subfield code="a">Description based on: Vol. 10, no. 14 (Jan. 15, 1876).</subfield></datafield><datafield ind1=" " ind2="0" tag="651"><subfield code="a">New Madrid (Mo.)</subfield><subfield code="v">Newspapers.</subfield></datafield><datafield ind1=" " ind2="7" tag="655"><subfield code="a">Newspapers.</subfield><subfield code="2">fast</subfield><subfield code="0">(OCoLC)fst01423814</subfield></datafield><datafield ind1=" " ind2="7" tag="651"><subfield code="a">Missouri</subfield><subfield code="z">New Madrid.</subfield><subfield code="2">fast</subfield><subfield code="0">(OCoLC)fst01208240</subfield></datafield><datafield ind1=" " ind2=" " tag="752"><subfield code="a">United States</subfield><subfield code="b">Missouri</subfield><subfield code="c">New Madrid</subfield><subfield code="d">New Madrid.</subfield></datafield></record>